@STRING{dtk	= {{D}ie {\TeX}nische {K}om{\"o}die} }

@Book{PostScript,
  Author         = {Kollock, Nikolai G.},
  Title          = {PostScript richtig eingesetzt: vom Konzept zum
                   praktischen Einsatz},
  Publisher      = {IWT},
  Address        = {Vaterstetten},
  year           = 1989,
}

@online{pdftricks,
  Title          = {PSTricks Support for pdf},
  Author         = {Herbert Voß},
  url        = {http://PSTricks.tug.org/main.cgi?file=pdf/pdfoutput},
  year           = 2002,
}

@online{miwi,
  Title          = {References for \TeX{} and Friends},
  Author         = {Michael Wiedmann and Peter Karp},
  url        = {http://www.miwie.org/tex-refs/},
  year           = 2003,
}

@Article{dtk02.2:jackson.voss:plot-funktionen,
  author	= {Laura E. Jackson and Herbert Voß},
  title		= {Die {P}lot-{F}unktionen von {\texttt{pst-plot}}},
  journal	= dtk,
  year		= 2002,
  volume	= {2/02},
  altvolume	= 2,
  altnumber	= 14,
  month		= jun,
  pages		= {27--34},
  annote	= bretter,
  abstract	= { Im letzten Heft wurden die mathematischen Funktionen von
		  \PS~im Zusammenhang mit dem {\LaTeX}-Paket
		  \texttt{pst-plot} zum Zeichnen von Funktionen beschrieben
		  und durch Beispiele erl{\"a}utert. In diesem Teil werden
		  die bislang nur erw{\"a}hnten Plot-Funktionen f{\"u}r
		  externe Daten behandelt. }
}

@Article{dtk02.1:voss:mathematischen,
  author	= {Herbert Voß},
  title		= {Die mathematischen {F}unktionen von {P}ostscript},
  journal	= dtk,
  year		= 2002,
  volume	= {1/02},
  altvolume	= 1,
  altnumber	= 14,
  month		= mar,
  pages		= {40-47},
  annote	= bretter,
  abstract	= { \PS, faktisch genauso alt wie {\TeX}, ist im
		  Verh{\"a}ltnis dazu allgemein noch weniger bekannt, wenn es
		  darum geht zu beurteilen, was es denn nun im eigentlichen
		  Sinne ist. Außerdem wird h{\"a}ufig vergessen, dass
		  sich mit den \PS-Funktionen viele Dinge erledigen lassen,
		  bei denen sonst auf externe Programme zur{\"u}ckgegriffen
		  wird. Dies wird im Folgenden f{\"u}r die mathematischen
		  Funktionen im Zusammenhang mit dem Paket \texttt{pst-plot}
		  gezeigt. }
}

@Book{companion,
  author	= {Michel Goosens and Frank Mittelbach and Sebastian Rahtz and Denis Roegel and Herbert Voß},
  title		= {The {\LaTeX} {G}raphics {C}ompanion},
  publisher	= {{Addison-Wesley Publishing Company}},
  edition	= 2,
  year		= {2007},
  address	= {Reading, Mass.}
}

@Book{PSTricks2,
  author	= {Herbert Voß},
  title		= {\texttt{PSTricks} -- {G}rafik f\"ur \TeX{} und \LaTeX},
  edition	= 7,
  publisher	= {DANTE -- Lehmanns Media},
  year		= {2016},
  location	= {Heidelberg and Berlin}
}

@Book{PSTricksE,
  author	= {Herbert Voß},
  title		= {\texttt{PSTricks} -- {G}raphics for \LaTeX},
  edition	= {1},
  publisher	= {UIT},
  year		= {2011},
  address	= {Cambridge/UK}
}

@Book{LaTeXRef,
  author	= {Herbert Voß},
  title		= {\LaTeX\ Referenz},
  edition	= {3},
  publisher	= {DANTE -- lehmanns media},
  year		= {2014},
  address	= {Heidelberg and Berlin}
}
@Book{LaTeXRefE,
  author	= {Herbert Voß},
  title		= {\LaTeX\ Quick Reference},
  edition	= {1},
  publisher	= {UIT},
  year		= {2011},
  address	= {Cambridge/UK}
}
