
@BOOK{改行位置2a,
   author = "改行 位置",
   yomi = "Ichi Kaigyo",
   title = "改行位置が正しくなるか？",
   publisher = "開業堂",
   year = 2007,
   note = "改行位置のテスト。αβγδεζηθικαβγδεζηθικαβγδεζηθικαβγδεζηθικαβγδεζηθικ"
}

@BOOK{改行位置2b,
   author = "改行 位置",
   yomi = "Ichi Kaigyo",
   title = "改行位置が正しくなるか？",
   publisher = "開業堂",
   year = 2007,
   note = "改行位置のテスト。aαβγδεζηθικαβγδεζηθικαβγδεζηθικαβγδεζηθικαβγδεζηθικ"
}

@BOOK{改行位置3a,
   author = "改行 位置",
   yomi = "Ichi Kaigyo",
   title = "改行位置が正しくなるか？",
   publisher = "開業堂",
   year = 2007,
   note = "改行位置のテスト。一二三四五六七八九〇一二三四五六七八九〇一二三四五六七八九〇一二三四五六七八九〇一二三四五六七八九〇"
}

@BOOK{改行位置3b,
   author = "改行 位置",
   yomi = "Ichi Kaigyo",
   title = "改行位置が正しくなるか？",
   publisher = "開業堂",
   year = 2007,
   note = "改行位置のテスト。a一二三四五六七八九〇一二三四五六七八九〇一二三四五六七八九〇一二三四五六七八九〇一二三四五六七八九〇"
}

@BOOK{改行位置3c,
   author = "改行 位置",
   yomi = "Ichi Kaigyo",
   title = "改行位置が正しくなるか？",
   publisher = "開業堂",
   year = 2007,
   note = "改行位置のテスト。a一二三四五六七八九〇一二三四五六七八九〇一二三四五六七八九〇一二三四五六七八九〇一二三四五六七八九〇"
}
