% tipa.bib
% Copyright 2002 FUKUI Rei
%
% This program may be distributed and/or modified under the
% conditions of the LaTeX Project Public License, either version 1.2
% of this license or (at your option) any later version.
% The latest version of this license is in
%   http://www.latex-project.org/lppl.txt
% and version 1.2 or later is part of all distributions of LaTeX 
% version 1999/12/01 or later.
%
% This program consists of all files listed in Manifest.txt.
%

@article{Chao:ToneLetters,
  author = "Chao, Yuen-Ren",
  title = "A system of tone letters",
  journal = "Le Ma\^itre Phon\'etique",
  number = "30",
  pages = "24--27",
  year = 1933 }

@book{Principles,
  author = "IPA",
  title = "The Principles of the International Phonetic Association",
  publisher = "University College: London",
  year = 1949 }

@book{PSG:I,
  author = "Pullum, Geoffrey K. and Ladusaw, William A.",
  title = "Phonetic Symbol Guide",
  publisher = "The University of Chicago Press",
  note = "First Edition",
  year = 1986 }

@book{PSG:II,
  author = "Pullum, Geoffrey K. and Ladusaw, William A.",
  title = "Phonetic Symbol Guide",
  publisher = "The University of Chicago Press",
  note = "Second Edition",
  year = 1996 }

@article{IPA:KielConvention,
  author = "IPA",
  title = "{Report on the 1989 Kiel Convention}",
  journal = "Journal of the International Phonetic Association",
  volume = "19",
  number = "2",
  pages = "67--80",
  year = 1989 }

@article{Esling:IPAcoding,
  author = "Esling, John",
  title = "Computer coding of the {IPA}: Supplementary Report",
  journal = "Journal of the International Phonetic Association",
  volume = "20",
  number = "1",
  pages = "22--26",
  year = 1990 }

@article{IPA:Preview,
  author = "IPA",
  title = "{Preview of the IPA Handbook}",
  journal = "Journal of the International Phonetic Association",
  volume = "25",
  number = "1",
  pages = "1-48",
  year = 1995 }

@article{Pullum:Remarks,
  author = "Pullum, Geoffrey K.",
  title = "{Remarks on the 1989 revision of the International Phonetic
          Alphabet}",
  journal = "Journal of the International Phonetic Association",
  volume = "20",
  number = "1",
  pages = "33--40",
  year = 1990 }

@article{IPA:FurtherReport,
  author = "IPA",
  title = "{Further report on the 1989 Kiel Convention}",
  journal = "Journal of the International Phonetic Association",
  volume = "20",
  number = "2",
  pages = "22--24",
  year = 1990 }

@book{Jones:Outline,
  author = "Jones, Daniel",
  title = "An Outline of English Phonetics",
  publisher = "Cambridge: W.\ Heffer",
  year = "1918, (9th edition) 1960" }

@book{Ladefoged:Course,
  author = "Ladefoged, Peter",
  title = "A Course in Phonetics, Third Edition",
  publisher = "Harcourt Brace Jovanovich College Publishers",
  year = 1993 }

@article{IPA:CouncilActions,
  author = "IPA",
  title = "{Council actions on revisions of the IPA}",
  journal = "Journal of the International Phonetic Association",
  volume = "23",
  number = "1",
  pages = "32--34",
  year = 1993 }

@article{Esling:ComputerCodes,
  author = "Esling, John H. and Gaylord, Harry",
  title = "Computer Codes for Phonetic Symbols",
  journal = "Journal of the International Phonetic Association",
  volume = "23",
  number = "2",
  pages = "83--97",
  year = 1993 }

@unpublished{SAMPA,
  author = "Wells, John C.",
  title = "Computer-coding the {IPA}: a proposed extension of {SAMPA}",
  note = "Revised draft 1995 04 28",
  year = 1995 }

@unpublished{extIPA,
  author = "ICPLA",
  title = "{extIPA Symbols for Disordered Speech}",
  note = "Revised to 1994",
  year = 1994 }

@unpublished{VoQS,
  author = "Ball, Martin J. and Esling, John and Dickson, Craig",
  title = "{VoQS: Voice Quality Symbols}",
  note = "Revised to 1994",
  year = 1994 }

@book{Handbook,
  author = "IPA",
  title = "Handbook of the International Phonetic Association",
  publisher = "Cambridge University Press",
  year = 1999 }

@book{Hottentot,
  author = "Beach, D. M.",
  title = "The Phonetics of the Hottentot Language",
  publisher = "Cambridge: Heffner",
  year = 1938 }

@book{Trager,
  author = "Trager, George L.",
  title = "Phonetics: Glossary and Tables",
  series = "Studies in Linguistics: Occasional Papers 6",
  publisher = "Buffalo, N.Y.",
  year = 1964 }

@book{Sweet,
  author = "Sweet, Henry",
  title = "A Primer of Phonetics",
  publisher = "Oxford: Clarendon Press",
  note = "Third edition, revised",
  year = 1906 }

@incollection{Jones:Phoneme,
  author = "Jones, Daniel",
  title = "{The term `phoneme'}",
  editor = "Jones, W. E. and Laver, J.",
  booktitle = "Phonetics in Linguistics: A Book of Reading",
  publisher = "London: Longman",
  pages = "187--204",
  year = 1973 }

@book{Karlgren,
  author = "Karlgren, Bernhard",
  title = "{\'E}tude sur la phonologie chinoise",
  publisher = "Leyde, Stockholm, and Gotembourg",
  year = "1915--1926" }
