%%
%% This is file `xkeyval.bib',
%% generated with the docstrip utility.
%%
%% The original source files were:
%%
%% xkeyval.dtx  (with options: `bib')
%% 
%% ---------------------------------------
%% Copyright (C) 2004-2020 Hendri Adriaens
%% ---------------------------------------
%%
%% This work may be distributed and/or modified under the
%% conditions of the LaTeX Project Public License, either version 1.3
%% of this license or (at your option) any later version.
%% The latest version of this license is in
%%   http://www.latex-project.org/lppl.txt
%% and version 1.3 or later is part of all distributions of LaTeX
%% version 2003/12/01 or later.
%%
%% This work has the LPPL maintenance status "maintained".
%%
%% This Current Maintainer of this work is Hendri Adriaens.
%%
%% This work consists of the file xkeyval.dtx and derived files
%% keyval.tex, xkvtxhdr.tex, xkeyval.sty, xkeyval.tex, xkvview.sty,
%% xkvltxp.sty, xkvutils.tex, pst-xkey.tex, pst-xkey.sty, xkveca.cls,
%% xkvecb.cls, xkvesa.sty, xkvesb.sty, xkvesc.sty, xkvex1.tex,
%% xkvex2.tex, xkvex3.tex and xkvex4.tex.
%%
%% The following files constitute the xkeyval bundle and must be
%% distributed as a whole: readme, xkeyval.pdf, keyval.tex,
%% pst-xkey.sty, pst-xkey.tex, xkeyval.sty, xkeyval.tex, xkvview.sty,
%% xkvltxp.sty, xkvtxhdr.tex, xkvutils.tex, pst-xkey.dtx and xkeyval.dtx.
%%
@MISC{LaTeXbase,
  author       = {Johannes Braams and David Carlisle and Alan Jeffrey and Leslie Lamport
                    and Frank Mittelbach and Chris Rowley and Rainer Sch\"opf},
  title        = {The {\LaTeXe} Sources},
  howpublished = {\url{CTAN:/macros/latex/base}},
  year         = 2003
}

@book{companion,
  author       = {Frank Mittelbach and Michel Goossens},
  title        = {The {\LaTeX} Companion},
  edition      = 2,
  note         = {With Johannes Braams, David Carlisle, and Chris Rowley},
  series       = {Tools and Techniques for Computer Typesetting},
  publisher    = {Addison-Wesley},
  address      = {Boston, Massachusetts},
  year         = 2004,
  pagenums     = {1120},
  bibliography = {yes},
  index        = {yes},
  isbn         = {0-201-36299-6}
}

@MISC{keyval,
  author       = {David Carlisle},
  title        = {\pf{keyval} package, v1.13, 1999/03/16},
  howpublished = {\url{CTAN:/macros/latex/required/graphics}}
}

@MISC{extract,
  author       = {Hendri Adriaens},
  title        = {\pf{extract} package},
  howpublished = {\url{CTAN:/macros/latex/contrib/extract}}
}

@MISC{PSTricks,
  author       = {{Timothy Van} {Zandt et al.}},
  title        = {\pf{PSTricks} package, v1.04, 2004/06/22},
  howpublished = {\url{CTAN:/graphics/pstricks}}
}

@MISC{PSTricksWeb,
  author       = {Herbert Vo\ss},
  title        = {\pf{PSTricks} website},
  howpublished = {\url{http://www.pstricks.de}}
}
\endinput
%%
%% End of file `xkeyval.bib'.
