@TeXIndex{mips-irix6.2,
  modified	= {February 1999 s.rahtz@elsevier.co.uk}, 
  abstract	= {System binaries for SGI running Irix 6.2}, 
  status	= {free},
  texlive	= {systems1}
}

@TeXIndex{alpha-osf3.2, 
  modified	= {February 1999 s.rahtz@elsevier.co.uk}, 
  abstract	= {System binaries for Alpha running OSF 3.2.}, 
  status	= {free},
  texlive	= {systems1}
}

@TeXIndex{alphaev5-osf4.0d,
  modified	= {February 1999 s.rahtz@elsevier.co.uk}, 
  abstract	= {System binaries for Alphaev5 running OSF 4.0d.}, 
  status	= {free},  
  texlive	= {systems1}
}

@TeXIndex{alphaev5-osf4.0b,
  modified	= {February 1999 s.rahtz@elsevier.co.uk}, 
  abstract	= {System binaries for Alphaev5 running OSF 4.0b.}, 
  status	= {free},  
  texlive	= {systems1}
}

@TeXIndex{bbtbase,
  modified	= {February 1999 s.rahtz@elsevier.co.uk}, 
  abstract	= {Basic \BibTeX{} support files.}, 
  status	= {free},  
  texlive	= {bibtex1}
}

@TeXIndex{bbtdoc,
  modified	= {February 1999 s.rahtz@elsevier.co.uk}, 
  abstract	= {Basic \BibTeX{} documentation.}, 
  status	= {free},  
  texlive	= {bibtex2}
}

@TeXIndex{catalog,
  modified	= {February 1999, s.rahtz@elsevier.co.uk}, 
  abstract	= {Graham Williams' Catalogue of \TeX{} packages.}, 
  status	= {free},  
  texlive	= {doc2}
}

@TeXIndex{cmpk,
  modified	= {February 1999 s.rahtz@elsevier.co.uk}, 
  abstract	= {Computer Modern fonts in PK format.}, 
  status	= {free},  
  texlive	= {fonts3}
}

@TeXIndex{dtk,
  modified	= {February 1999 s.rahtz@elsevier.co.uk}, 
  abstract	= {Macros for the DANTE publication.}, 
  status	= {free},  
  texlive	= {latex3}
}

@TeXIndex{dvipsbase,
  modified	= {February 1999 s.rahtz@elsevier.co.uk}, 
  abstract	= {Basic support files for dvips.}, 
  status	= {free},  
  texlive	= {dvips1}
}

@TeXIndex{general,
  modified	= {February 1999 s.rahtz@elsevier.co.uk}, 
  abstract	= {Useful general documentation.}, 
  status	= {free},  
  texlive	= {doc1}
}

@TeXIndex{guides,
  modified	= {February 1999 s.rahtz@elsevier.co.uk}, 
  abstract	= {Guides to using \LaTeX, in English, German, French,
		  Greek and Polish.}, 
  status	= {free},  
  texlive	= {doc2}
}

@TeXIndex{hppa1.1-hpux10.10,
  modified	= {February 1999 s.rahtz@elsevier.co.uk}, 
  abstract	= {System binaries for HP running hpux10.10.}, 
  status	= {free},
  texlive	= {systems1}
}

@TeXIndex{hyphen,
  modified	= {February 1999 s.rahtz@elsevier.co.uk}, 
  abstract	= {Collection of hyphenation patterns.},
  email	= {s.rahtz@elsevier.co.uk},  
  author	= {LaTeX3 Project},  
  status	= {free},  
  texlive	= {lang1}
}

@TeXIndex{i386-linux,
  modified	= {February 1999 s.rahtz@elsevier.co.uk}, 
  abstract	= {System binaries for Intel machines running Linux.}, 
  status	= {free},  
  texlive	= {systems1}
}

@TeXIndex{i386-linux-libc5,
  modified	= {February 1999 s.rahtz@elsevier.co.uk}, 
  abstract	= {System binaries for Intel machines 
     running Linux, with libc5}, 
  status	= {free},  
  texlive	= {systems1}
}

@TeXIndex{ini,
  modified	= {February 1999, s.rahtz@elsevier.co.uk}, 
  abstract	= {Startup files for building formats.}, 
  status	= {free},  
  texlive	= {texlive1}
}

@TeXIndex{lgc,
  modified	= {February 1999 s.rahtz@elsevier.co.uk}, 
  abstract	= {Examples from the \emph{\LaTeX{} Graphics Companion}.}, 
  status	= {free},  
  texlive	= {doc3}
}

@TeXIndex{metasupp,
  modified	= {February 1999 s.rahtz@elsevier.co.uk}, 
  abstract	= {MetaPost support files.}, 
  status	= {free},  
  texlive	= {texlive1}
}

@TeXIndex{mfmisc,
  modified	= {February 1999 s.rahtz@elsevier.co.uk}, 
  abstract	= {Small support files for \MF.}, 
  status	= {free},  
  texlive	= {fonts1}
}

@TeXIndex{mft,
  modified	= {February 1999 s.rahtz@elsevier.co.uk}, 
  abstract	= {Support files for MFT.}, 
  status	= {free},  
  texlive	= {texlive1}
}

@TeXIndex{misc209,
  modified	= {February 1999 s.rahtz@elsevier.co.uk}, 
  abstract	= {Miscellaneous small macro files for \LaTeX 2.09.}, 
  status	= {free},  
  texlive	= {latex2}
}

@TeXIndex{mpbase,
  modified	= {February 1999 s.rahtz@elsevier.co.uk}, 
  abstract	= {Basic MetaPost support files.}, 
  status	= {free},  
  texlive	= {metapost1}
}

@TeXIndex{multi,
  modified	= {February 1999, s.rahtz@elsevier.co.uk}, 
  abstract	= {dvips header for making n-up pages.}, 
  status	= {free},  
  texlive	= {dvips3}
}

@TeXIndex{psafm,
  modified	= {February 1999 s.rahtz@elsevier.co.uk}, 
  abstract	= {AFM files for PostScript fonts.}, 
  status	= {free},  
  texlive	= {fonts3}
}

@TeXIndex{pspk,
  modified	= {February 1999 s.rahtz@elsevier.co.uk}, 
  abstract	= {PK files for common PostScript fonts.}, 
  status	= {free},  
  texlive	= {fonts3}
}

@TeXIndex{rs6000-aix4.1,
  modified	= {February 1999 s.rahtz@elsevier.co.uk}, 
  abstract	= {System binaries for RS6000 running AIX 4.1.}, 
  status	= {free},  
  texlive	= {systems1}
}

@TeXIndex{rs6000-aix4.1.4.0,
  modified	= {February 1999 s.rahtz@elsevier.co.uk}, 
  abstract	= {System binaries for RS6000 running AIX 4.1.4.0}, 
  status	= {free},  
  texlive	= {systems1}
}

@TeXIndex{sparc-solaris2.5.1,
  modified	= {February 1999 s.rahtz@elsevier.co.uk}, 
  abstract	= {System binaries for Sun Sparc running Solaris 2.5.1.}, 
  status	= {free},  
  texlive	= {systems1}
}

@TeXIndex{texlive,
  modified	= {February 1999 s.rahtz@elsevier.co.uk}, 
  abstract	= {Basic material for \TeXLive{}.}, 
  status	= {free},  
  texlive	= {texlive1}
}

@TeXIndex{tug,
  modified	= {February 1999, s.rahtz@elsevier.co.uk}, 
  abstract	= {\TeX\ Users Group information.}, 
  status	= {free},  
  texlive	= {doc3}
}

@TeXIndex{useful,
  modified	= {February 1999 s.rahtz@elsevier.co.uk}, 
  abstract	= {Useful documentation; various \LaTeX{} guides, FAQ,
                  fontname docs, etc.}, 
  status	= {free},  
  texlive	= {doc2}
}

@TeXIndex{win32,
  modified	= {February 1999 s.rahtz@elsevier.co.uk}, 
  abstract	= {System binaries for Windows 32.}, 
  status	= {free},  
  texlive	= {systems1}
}
