%% -*-bibtex-*-
@STRING{tugboat	= {TUGboat} }
@STRING{dtk	= {{D}ie {\TeX}nische {K}om{\"o}die} }


@Book{companion,
  author	= {Michel Goosens and Frank Mittelbach and Sebastian Rahtz and Denis Roegel and Herbert Voß},
  title		= {The {\LaTeX} {G}raphics {C}ompanion},
  publisher	= {{Addison-Wesley Publishing Company}},
  edition	= 2,
  year		= {2007},
  address	= {Reading, Mass. (USA)}
}

@Book{PSTricks2,
  author	= {Herbert Voß},
  title		= {\texttt{PSTricks} -- {G}rafik f\"ur \TeX{} und \LaTeX},
  edition	= {7},
  publisher	= {DANTE and Lehmanns Media},
  year		= {2017},
  address	= {Heidelberg and Berlin}
}


@Book{PSTricksE,
  author	= {Herbert Voß},
  title		= {\texttt{PSTricks} -- {G}raphics and {P}ost{S}cript for \LaTeX},
  edition	= {1},
  publisher	= {UIT},
  date		= {2011},
  location	= {Cambridge -- UK}
}



@Book{LaTeXRef,
  author	= {Herbert Voß},
  title		= {\LaTeX\ Referenz},
  edition	= {3},
  publisher	= {DANTE and Lehmanns Media},
  year		= {2012},
  address	= {Heidelberg and Berlin}
}
@Book{PostScript,
  Author         = {Kollock, Nikolai G.},
  Title          = {Post{S}cript richtig eingesetzt: vom {K}onzept zum
                   praktischen {E}insatz},
  Publisher      = {IWT},
  Address        = {Vaterstetten},
  year           = 1989,
}

@online{pstricks,
  Title          = {PSTricks - {\PS} macros for generic {\TeX}},
  Author         = {{Timothy van} Zandt},
  url       = {http://www.tug.org/application/PSTricks},
  year           = 1993
}



@Article{girou:01:,
  author	= {Denis Girou},
  title		= {Pr\'esentation de {PST}ricks},
  journal	= {Cahier {GUT}enberg},
  year		= 1994,
  volume	= {16},
  month		= apr,
  pages		= {21-70}
}

@Article{girou:02:,
  author	= {{Timothy Van} Zandt and Denis Girou},
  title		= {Inside {PST}ricks},
  journal	= TUGboat,
  year		= 1994,
  volume	= {15},
  month		= sep,
  pages		= {239-246}
}

